@article{ShaoShen2022,
  author={邵松雪 and 沈海云},
  title={青花瓷选美记},
  journal={大学化学},
  year={2022},
  volume={37},
  number={9},
  pages={2110061},
  doi={10.3866/PKU.DXHX202110061}
}