@article{ShaoShen2022,
  author = {邵松雪 and 沈海云},
  title = {青花瓷选美记},
  journal = {大学化学},
  year = {2022},
  volume = {37},
  number = {9},
  pages = {2110061},
  doi = {10.3866/PKU.DXHX202110061}
}

@book{BurroughsCrowder2007,
  author = {Burroughs, William James and Crowder, Bob},
  year = {2007},
  title = {Weather},
  publisher = {Fog City Press, San Francisco}
}`

@article{ChenCai2021,
  author = {陈力新 and 蔡磊},
  title = {国土空间治理背景下全域控制性详细规划编制探析——以杭州市萧山区进化镇为例},
  journal = {浙江建筑},
  year = {2021},
  volume = {1},
  pages = {1--4,9}
}

@article{ZhuEtal2021,
  author = {朱鸿寅 and 洪玲笑 and 黄胜兰 and 马俊},
  title = {绿色亚运村，生态未来城——杭州亚运村绿色生态城区实践},
  journal = {建筑节能},
  year = {2021},
  number = {6},
  pages= {10--13}
}
